@misc{flaw,
  author = {John Kelly and Brendan Keefe},
  title = {911's deadly flaw: Lack of location data},
  year = 2017,
  howpublished={\url{https://www.usatoday.com/story/news/2015/02/22/cellphone-911-lack-location-data/23570499/}}
}

@misc{text,
  author = {FCC},
  title = {Text to 911: What You Need To Know},
  year = 2017,
  howpublished={\url{https://www.fcc.gov/consumers/guides/what-you-need-know-about-text-911}}
}

@misc{Location,
  author = {Stephen Lawson},
  title = {Ten Ways Your Smartphone Knows Where You Are},
  year = 2017,
  howpublished={\url{https://www.pcworld.com/article/253354/ten_ways_your_smartphone_knows_where_you_are.html}}
}
